[gd_scene load_steps=13 format=2]

[ext_resource path="res://assets/thrust/muzzle_01.png" type="Texture" id=1]
[ext_resource path="res://elements/vehicles/RocketMaterial.tres" type="Material" id=2]

[sub_resource type="PhysicsMaterial" id=1]
friction = 0.95
rough = true
bounce = 0.1
absorbent = true

[sub_resource type="GDScript" id=2]
script/source = "extends RigidBody


export (float) var thrustForce = .5
export (float) var torqueForce = .5
var currentThrust:Vector3
var isLanded = false
var upright
export (float) var fuelTank = 1000.0
export (float) var fuel = fuelTank/2
export (float) var refuelAmount = 100
export (float) var impactThreshold = 100
#var thrustControl = 0
#var torqueControl:Vector3 = Vector3.ZERO

var stablize = false

signal thrust
signal UI
signal landed
signal destroyed
signal fuelEmpty


func _ready():
	pass
	
var previousSpeed:Vector3 = linear_velocity


var previousPosition: = Vector3.ZERO

func _physics_process(delta):
	if control.thrust and fuel != 0:
		fuel = max(fuel - (control.thrust * delta), 0)
		currentThrust = transform.basis*Vector3(0,thrustForce,0)*control.thrust
		apply_central_impulse(currentThrust)
		emit_signal(\"thrust\",control.thrust)
	else:
		emit_signal(\"thrust\",0)
		currentThrust = Vector3.ZERO
	
	var acceleration = linear_velocity - previousSpeed
	previousSpeed = linear_velocity
#	print(acceleration.length())
	
	var torque:Vector3
	if control.playerMove.length() < 0.01: #apparently it's not ACTAULLY zero? O.o
		torque = transform.basis.inverse() * -(transform.basis*angular_velocity.normalized())#.normalized()
	else:
		torque = transform.basis * Vector3(control.playerMove.x,control.playerMove.z,control.playerMove.y)
	apply_torque_impulse(torque*torqueForce)
#	print(torque)
	checkLanded()
#	runUI()
	
	previousPosition = global_transform.origin
	
	if fuel == 0:
		emit_signal(\"fuelEmpty\",self)

var control:ControlState = ControlState.new()
func setControls(data:ControlState):
	control=data
	$Gimble.setControls(data)


func _on_Rocket_tree_entered():
	if global_transform.origin == Vector3.ZERO:
		global_transform.origin = Vector3(randf()-0.5,randf()-0.5,randf()-0.5)
	var up = global_transform.origin.normalized()
	var facing = Vector3(randf(),randf(),randf())
	facing = (facing - facing.project(up)).normalized()
	var left = up.cross(facing).normalized()
	global_transform.basis = Basis(left,up,facing)
	

func checkLanded():
	var trueVelocity: = previousPosition - global_transform.origin
#	print(trueVelocity.length())
	if trueVelocity.length() < 0.001 and currentThrust == Vector3.ZERO:
		if isLanded:
			pass
		else:
			isLanded = true
			$LandedTimer.start()
	else:
		isLanded = false
		if not $LandedTimer.is_stopped():
			print(\"stopped landed timer\")
			$LandedTimer.stop()
		
	return isLanded



func _on_LandedTimer_timeout():
	upright = isUpright()
	emit_signal(\"landed\",self)


func isUpright():
	var nose = global_transform.basis * Vector3(0,1,0)
	var up = global_transform.origin.normalized()
	var diff = (nose - up).length() 
	return diff < 0.1


func _on_Rocket_landed(null):
	if upright == false:
		fuel = max(fuel-10,0)
		var up := global_transform.origin.normalized()
		var facing := Vector3(randf(),randf(),randf()).normalized()
		facing = (facing - facing.project(up)).normalized()
		var left = up.cross(facing).normalized()
		global_transform.basis = Basis(left,up,facing)
		global_transform.origin += global_transform.origin.normalized()*3

func refuel():
	fuel = min(fuel + refuelAmount,fuelTank)



func _integrate_forces(state):
	for i in state.get_contact_count():
		var impact = state.get_contact_impulse(i)
		if impact > impactThreshold:
			print(\"impact above threshold:\",impact)
			emit_signal(\"destroyed\",self)
		elif impact > 0.1:
			print(\"impact below threshold:\",impact)
		else:
			pass

"

[sub_resource type="BoxShape" id=3]
extents = Vector3( 1, 4, 1 )

[sub_resource type="CubeMesh" id=4]
size = Vector3( 2, 8, 1 )

[sub_resource type="SpatialMaterial" id=5]
emission_enabled = true
emission = Color( 0.996078, 0.984314, 0.847059, 1 )
emission_energy = 1.0
emission_operator = 0
emission_on_uv2 = false

[sub_resource type="GDScript" id=6]
script/source = "extends Spatial

export (float) var plumeSize = 10

func _ready():
	pass


func _on_Rocket_thrust(power:float):
	power = max(power , 0.0001)
#	var power = thrust.length()
	scale.y = power * plumeSize 
	$OmniLight.omni_range = plumeSize * power
#	$OmniLight.light_energy = power
	pass # Replace with function body.
"

[sub_resource type="BoxShape" id=7]

[sub_resource type="CubeMesh" id=8]

[sub_resource type="GDScript" id=9]
script/source = "extends RemoteTransform

func _ready():
	pass

func _physics_process(delta):
#	look_at(get_parent().global_transform.origin,global_transform.origin)
	pass

func setControls(data:ControlState):
	pass
"

[sub_resource type="GDScript" id=10]
script/source = "extends Spatial

var prevThrust = 0

var popSound = preload(\"res://elements/vehicles/sfx/Pop.tscn\")
var humSound = preload(\"res://elements/vehicles/sfx/ThrusterHum.tscn\")

var currentHum




func _on_Rocket_thrust(thrust):
	if thrust > 0 and prevThrust == 0:
		add_child(popSound.instance())
		currentHum = humSound.instance()
		add_child(currentHum)
		
	if thrust == 0 and prevThrust > 0:
		currentHum.queue_free()
		currentHum = null

	if thrust != 0:
		currentHum.setVolume(thrust)


	prevThrust = thrust
"

[node name="Rocket" type="RigidBody"]
transform = Transform( 1, 0, 0, 0, 1, 0, 0, 0, 1, -0.00318384, 0.0428029, 0.00492787 )
mass = 20.0
physics_material_override = SubResource( 1 )
continuous_cd = true
contacts_reported = 1
contact_monitor = true
script = SubResource( 2 )
thrustForce = 2.0
fuelTank = 500.0
fuel = 500.0
refuelAmount = 0.0
impactThreshold = 50.0

[node name="MainBody" type="CollisionShape" parent="."]
transform = Transform( 0.25, 0, 0, 0, 0.25, 0, 0, 0, 0.25, 0, 0, 0 )
shape = SubResource( 3 )

[node name="red" type="MeshInstance" parent="MainBody"]
transform = Transform( -4.37114e-08, 0, -1, 0, 0.25, 0, 1, 0, -4.37114e-08, 0.5, 3, 2.23517e-08 )
mesh = SubResource( 4 )
material/0 = SubResource( 5 )

[node name="white" type="MeshInstance" parent="MainBody"]
transform = Transform( -4.37114e-08, 0, -1, 0, 1, 0, 1, 0, -4.37114e-08, -0.5, 0, -2.18557e-08 )
mesh = SubResource( 4 )
material/0 = ExtResource( 2 )

[node name="white2" type="MeshInstance" parent="MainBody"]
transform = Transform( -4.37114e-08, 0, -1, 0, 0.75, 0, 1, 0, -4.37114e-08, 0.5, -1, -2.18557e-08 )
mesh = SubResource( 4 )
material/0 = ExtResource( 2 )

[node name="Thruster" type="Spatial" parent="."]
transform = Transform( 1, 0, 0, 0, 1, 0, 0, 0, 1, 0, -1, 0 )
script = SubResource( 6 )

[node name="Sprite3D" type="Sprite3D" parent="Thruster"]
transform = Transform( 0.5, 0, 0, 0, -0.1, 1.94707e-07, 0, -3.89414e-08, -0.5, 0, -0.183243, 0 )
modulate = Color( 1, 0.964706, 0.0745098, 1 )
opacity = 0.5
texture = ExtResource( 1 )

[node name="Sprite3D2" type="Sprite3D" parent="Thruster"]
transform = Transform( -9.73536e-08, 3.25841e-08, -0.5, -4.37114e-08, -0.1, -1.62921e-07, -0.5, 8.74227e-09, 9.73536e-08, 0, -0.183243, 0 )
modulate = Color( 1, 0.964706, 0.0745098, 1 )
opacity = 0.5
texture = ExtResource( 1 )

[node name="OmniLight" type="OmniLight" parent="Thruster"]
transform = Transform( 1, 0, 0, 0, 1, 0, 0, 0, 1, 0, -0.001, 0 )
light_color = Color( 1, 0.964706, 0.0745098, 1 )
shadow_enabled = true
omni_range = 16.0

[node name="Leg1" type="CollisionShape" parent="."]
transform = Transform( 0.0241845, -0.498347, 0.0707107, 0.0469848, 0.128257, 0, -0.0241845, 0.498347, 0.0707107, 0.6019, -1.07847, -0.6019 )
shape = SubResource( 7 )

[node name="MeshInstance" type="MeshInstance" parent="Leg1"]
mesh = SubResource( 8 )
material/0 = ExtResource( 2 )

[node name="Leg2" type="CollisionShape" parent="."]
transform = Transform( -0.0241845, 0.498347, 0.0707107, 0.0469848, 0.128257, 0, -0.0241845, 0.498347, -0.0707107, -0.6019, -1.07847, -0.6019 )
shape = SubResource( 7 )

[node name="MeshInstance" type="MeshInstance" parent="Leg2"]
mesh = SubResource( 8 )
material/0 = ExtResource( 2 )

[node name="Leg3" type="CollisionShape" parent="."]
transform = Transform( -0.0241845, 0.498347, -0.0707107, 0.0469848, 0.128257, 0, 0.0241845, -0.498347, -0.0707107, -0.6019, -1.07847, 0.6019 )
shape = SubResource( 7 )

[node name="MeshInstance" type="MeshInstance" parent="Leg3"]
mesh = SubResource( 8 )
material/0 = ExtResource( 2 )

[node name="Leg4" type="CollisionShape" parent="."]
transform = Transform( 0.0241845, -0.498347, -0.0707107, 0.0469848, 0.128257, 0, 0.0241845, -0.498347, 0.0707107, 0.6019, -1.07847, 0.6019 )
shape = SubResource( 7 )

[node name="MeshInstance" type="MeshInstance" parent="Leg4"]
mesh = SubResource( 8 )
material/0 = ExtResource( 2 )

[node name="Gimble" type="RemoteTransform" parent="."]
transform = Transform( 0.25, 0, 0, 0, 0.25, 0, 0, 0, 0.25, 0, 0, 0 )
update_rotation = false
update_scale = false
script = SubResource( 9 )

[node name="Spatial" type="Spatial" parent="Gimble"]
transform = Transform( 1, 0, 0, 0, 1, 0, 0, 0, 1, 0, -4.88512, 0 )

[node name="LandedTimer" type="Timer" parent="."]
one_shot = true

[node name="AudioManager" type="Spatial" parent="."]
script = SubResource( 10 )
[connection signal="landed" from="." to="." method="_on_Rocket_landed"]
[connection signal="thrust" from="." to="AudioManager" method="_on_Rocket_thrust"]
[connection signal="thrust" from="." to="Thruster" method="_on_Rocket_thrust"]
[connection signal="tree_entered" from="." to="." method="_on_Rocket_tree_entered"]
[connection signal="timeout" from="LandedTimer" to="." method="_on_LandedTimer_timeout"]
