[gd_scene load_steps=6 format=2]

[ext_resource path="res://elements/poi/LandingPad.tscn" type="PackedScene" id=1]
[ext_resource path="res://elements/poi/GreenOrb.tres" type="Material" id=2]

[sub_resource type="GDScript" id=1]
script/source = "extends Spatial

signal shipScored

func _physics_process(delta):
	pass


func score(ship:RigidBody):
	var score = {}
	ship.refuel()
	score.near = $NearTrigger.get_overlapping_bodies().has(ship)
	score.pad = $OnPad.get_overlapping_bodies().has(ship)
	score.upright = ship.upright
	emit_signal(\"shipScored\",score)


func _on_TargetPoint_tree_entered():
	connect(\"shipScored\",get_parent(),\"_on_shipScored\")
	pass # Replace with function body.


func _on_OutterTrigger_body_entered(body):
	body.connect(\"landed\",self,\"score\")


func _on_OutterTrigger_body_exited(body):
	body.disconnect(\"landed\",self,\"score\")
"

[sub_resource type="SphereShape" id=2]

[sub_resource type="SphereMesh" id=3]

[node name="TargetPoint" type="Spatial"]
script = SubResource( 1 )

[node name="OutterTrigger" type="Area" parent="."]
transform = Transform( 250, 0, 0, 0, 250, 0, 0, 0, 250, 0, 0, 0 )

[node name="CollisionShape" type="CollisionShape" parent="OutterTrigger"]
shape = SubResource( 2 )

[node name="Outside" type="MeshInstance" parent="OutterTrigger"]
mesh = SubResource( 3 )
material/0 = ExtResource( 2 )

[node name="NearTrigger" type="Area" parent="." groups=[
"target",
]]
transform = Transform( 50, 0, 0, 0, 50, 0, 0, 0, 50, 0, 0, 0 )

[node name="CollisionShape" type="CollisionShape" parent="NearTrigger"]
shape = SubResource( 2 )

[node name="OnPad" type="Area" parent="."]
transform = Transform( 4, 0, 0, 0, 4, 0, 0, 0, 4, 0, 2.45551, 0 )

[node name="CollisionShape" type="CollisionShape" parent="OnPad"]
shape = SubResource( 2 )

[node name="LandingPad" parent="." instance=ExtResource( 1 )]
[connection signal="tree_entered" from="." to="." method="_on_TargetPoint_tree_entered"]
[connection signal="body_entered" from="OutterTrigger" to="." method="_on_OutterTrigger_body_entered"]
[connection signal="body_exited" from="OutterTrigger" to="." method="_on_OutterTrigger_body_exited"]
