[gd_scene load_steps=10 format=2]

[ext_resource path="res://assets/trench/TrenchThin-16R0.otf" type="DynamicFontData" id=1]
[ext_resource path="res://assets/compass/compass.png" type="Texture" id=3]
[ext_resource path="res://assets/compass/whiteBar.png" type="Texture" id=4]

[sub_resource type="StyleBoxFlat" id=1]
bg_color = Color( 0.027451, 0.160784, 0.152941, 1 )
border_width_left = 4
border_width_top = 4
border_width_right = 4
border_width_bottom = 4
border_color = Color( 0, 0, 0, 1 )
corner_radius_top_left = 32
corner_radius_top_right = 32
corner_radius_bottom_right = 32
corner_radius_bottom_left = 32
shadow_color = Color( 0.00784314, 0.0823529, 0.113725, 1 )
shadow_size = 16

[sub_resource type="DynamicFont" id=2]
size = 128
outline_size = 2
outline_color = Color( 0, 0, 0, 1 )
font_data = ExtResource( 1 )

[sub_resource type="Theme" id=3]
default_font = SubResource( 2 )
PanelContainer/styles/panel = SubResource( 1 )

[sub_resource type="Animation" id=4]
resource_name = "loadAnimation"
length = 5.0
loop = true
tracks/0/type = "value"
tracks/0/path = NodePath(".:rect_rotation")
tracks/0/interp = 1
tracks/0/loop_wrap = true
tracks/0/imported = false
tracks/0/enabled = true
tracks/0/keys = {
"times": PoolRealArray( 0, 5 ),
"transitions": PoolRealArray( 1, 1 ),
"update": 0,
"values": [ 0.0, 360.0 ]
}

[sub_resource type="Animation" id=5]
resource_name = "loadAnimation"
length = 5.0
loop = true
tracks/0/type = "value"
tracks/0/path = NodePath(".:rect_rotation")
tracks/0/interp = 1
tracks/0/loop_wrap = true
tracks/0/imported = false
tracks/0/enabled = true
tracks/0/keys = {
"times": PoolRealArray( 0, 5 ),
"transitions": PoolRealArray( 1, 1 ),
"update": 0,
"values": [ 0.0, 360.0 ]
}

[sub_resource type="GDScript" id=6]
script/source = "extends Camera

func _ready():
	var targetTransform = get_tree().get_nodes_in_group(\"player\")[0].get_parent().transform
	global_transform.origin = targetTransform.origin*1.1
	look_at(Vector3(0,0,0),Vector3(0,1,0))
"

[node name="LoadingPanel" type="CanvasLayer"]

[node name="w" type="CenterContainer" parent="."]
anchor_left = 0.501091
anchor_top = 0.498707
anchor_right = 0.501091
anchor_bottom = 0.498707
margin_left = -960.0
margin_top = -540.0
margin_right = 960.0
margin_bottom = 540.0
theme = SubResource( 3 )
__meta__ = {
"_edit_use_anchors_": true
}

[node name="PanelContainer" type="PanelContainer" parent="w"]
margin_left = 650.0
margin_top = 277.0
margin_right = 1269.0
margin_bottom = 803.0

[node name="MarginContainer" type="MarginContainer" parent="w/PanelContainer"]
margin_left = 4.0
margin_top = 4.0
margin_right = 615.0
margin_bottom = 522.0
custom_constants/margin_right = 64
custom_constants/margin_top = 64
custom_constants/margin_left = 64
custom_constants/margin_bottom = 64

[node name="CenterContainer" type="CenterContainer" parent="w/PanelContainer/MarginContainer"]
margin_left = 64.0
margin_top = 64.0
margin_right = 547.0
margin_bottom = 454.0

[node name="TextureRect" type="TextureRect" parent="w/PanelContainer/MarginContainer/CenterContainer"]
margin_left = 113.0
margin_top = 67.0
margin_right = 369.0
margin_bottom = 323.0
rect_min_size = Vector2( 256, 256 )
texture = ExtResource( 3 )
expand = true

[node name="Rotation" type="TextureRect" parent="w/PanelContainer/MarginContainer/CenterContainer"]
margin_left = 113.0
margin_top = 95.0
margin_right = 369.0
margin_bottom = 295.0
rect_min_size = Vector2( 256, 200 )
rect_pivot_offset = Vector2( 128, 100 )
texture = ExtResource( 4 )
expand = true
__meta__ = {
"_edit_use_anchors_": false
}

[node name="AnimationPlayer" type="AnimationPlayer" parent="w/PanelContainer/MarginContainer/CenterContainer/Rotation"]
autoplay = "loadAnimation"
anims/loadAnimation = SubResource( 4 )

[node name="Vector" type="TextureRect" parent="w/PanelContainer/MarginContainer/CenterContainer"]
modulate = Color( 1, 0, 0, 1 )
margin_left = 113.0
margin_top = 145.0
margin_right = 369.0
margin_bottom = 245.0
rect_min_size = Vector2( 256, 100 )
rect_pivot_offset = Vector2( 128, 50 )
texture = ExtResource( 4 )
expand = true

[node name="AnimationPlayer2" type="AnimationPlayer" parent="w/PanelContainer/MarginContainer/CenterContainer/Vector"]
autoplay = "loadAnimation"
playback_speed = -1.3
anims/loadAnimation = SubResource( 5 )

[node name="VBoxContainer" type="VBoxContainer" parent="w/PanelContainer/MarginContainer"]
margin_left = 64.0
margin_top = 64.0
margin_right = 547.0
margin_bottom = 454.0

[node name="Label" type="Label" parent="w/PanelContainer/MarginContainer/VBoxContainer"]
margin_right = 483.0
margin_bottom = 390.0
text = "LOADING
NEW
PLANET!"
align = 1
valign = 1
__meta__ = {
"_edit_use_anchors_": false
}

[node name="Camera" type="Camera" parent="."]
pause_mode = 2
current = true
script = SubResource( 6 )
